@Article{archimedes,
  author =       "Lewis, Albert C",
  title =        "Encyclopedia of World Biography",
  journal =      "Encyclopedia of World Biography. New York: McGraw-Hill",
  year =         "1973",
  OPTvolume =    "1",
  OPTnumber =    "",
  OPTpages =     "219-223",
  bibdate =      "Thu Feb 10 16:53:42 1994",
}
@Article{newton,
  author =       "Newton",
  title =        "{Zur Elektrodynamik bewegter K{\"o}rper}. ({German})
                 [{On} the electrodynamics of moving bodies]",
  journal =      "Annalen der Physik",
  OPTvolume =    "322",
  OPTnumber =    "10",
  OPTpages =     "891-921",
  OPTyear =      "1905",
  DOI =          "http://dx.doi.org/10.1002/andp.19053221004"
}

@misc{box2d,
  author      =  "Erin Catto",
  title       =  "Box2d Author",
  url         =  "http://www.box2d.org, http://www.iforce2d.net/b2dtut/conveyor-belts"
}

@misc{TomandJerry,
    author    = "TNTuxedoBlog",
    title     = "Tom and Jerry - Rube Goldberg Fail",
    url       = "https://www.youtube.com/watch?v=GvnEBX9aedY"
}

@misc{saikiran,
    author    = "Sai Kiran B.Tech. III IIT Bombay",
    title     = "RUBE GOLDBERG MACHINE SIMULATION",
    url       = "http://www.cse.iitb.ac.in/~sai.kiran/personal_webpage/projects.html"
}

@misc{amangoel,
    author    = "Aman Goel B.Tech. III IIT Bombay",
    title     = "RUBE GOLDBERG MACHINE SIMULATION",
    url       = "http://www.cse.iitb.ac.in/~amangoel"
}

@misc{ray,
    author    = "iforce2d",
    title     = "Ray Casting in Box2D",
    url       = "http://www.iforce2d.net/b2dtut/raycasting"
}

@misc{joints,
    author    = "iforce2d",
    title     = "Joints Overview in Box2D",
    url       = "http://www.iforce2d.net/b2dtut/joints-overview"
}

@misc{buoyancy,
    author    = "iforce2d",
    title     = "Buoyancy in Box2D",
    url       = "http://www.iforce2d.net/b2dtut/buoyancy"
}


